
@article{en1,
  title={{The Mechanism and Effectiveness of Credit Scoring of P2P Lending Platform: Evidence from Renrendai.com}},
  author={Li, Qiang and Chen, Liwen and Zeng, Yong},
  journal={China Finance Review International},
  volume={8},
  number={1},
  pages={256--274},
  year={2018},
  publisher={Emerald Publishing Limited}
}